<record><leader>00000cas a2200000 a 4500</leader><controlfield tag="001">10002375</controlfield><controlfield tag="008">831011d19251998nyudr ne      0   a0eng c</controlfield><datafield ind1=" " ind2=" " tag="010"><subfield code="a">sn 83031572 </subfield><subfield code="z">sn2002058140</subfield><subfield code="z">sn2002061411</subfield></datafield><datafield ind1=" " ind2=" " tag="040"><subfield code="a">NPU</subfield><subfield code="b">eng</subfield><subfield code="c">NPU</subfield><subfield code="d">NYS</subfield><subfield code="d">NSD</subfield><subfield code="d">NYS</subfield><subfield code="d">OCLCQ</subfield><subfield code="d">DLC</subfield><subfield code="d">OCLCF</subfield></datafield><datafield ind1=" " ind2=" " tag="012"><subfield code="m">1</subfield></datafield><datafield ind1=" " ind2=" " tag="019"><subfield code="a">49827365</subfield></datafield><datafield ind1="1" ind2=" " tag="022"><subfield code="a">1060-4561</subfield><subfield code="l">1060-4561</subfield><subfield code="2">1</subfield></datafield><datafield ind1="1" ind2=" " tag="029"><subfield code="a">AU@</subfield><subfield code="b">000020227282</subfield></datafield><datafield ind1="1" ind2=" " tag="029"><subfield code="a">AU@</subfield><subfield code="b">000023602975</subfield></datafield><datafield ind1=" " ind2=" " tag="032"><subfield code="a">146500</subfield><subfield code="b">USPS</subfield></datafield><datafield ind1=" " ind2=" " tag="042"><subfield code="a">pcc</subfield><subfield code="a">nsdp</subfield></datafield><datafield ind1=" " ind2=" " tag="043"><subfield code="a">n-us-ny</subfield></datafield><datafield ind1="0" ind2=" " tag="130"><subfield code="a">Daily times (Mamaroneck, N.Y.)</subfield></datafield><datafield ind1=" " ind2="4" tag="222"><subfield code="a">The Daily times</subfield><subfield code="b">(White Plains, N.Y.)</subfield></datafield><datafield ind1="1" ind2="4" tag="245"><subfield code="a">The daily times.</subfield></datafield><datafield ind1="1" ind2="3" tag="246"><subfield code="a">Daily times and the Larchmont times</subfield></datafield><datafield ind1="1" ind2="3" tag="246"><subfield code="a">Daily times and Mamaroneck paragraph</subfield><subfield code="f">June 6, 1926-Dec. 31, 1935</subfield></datafield><datafield ind1=" " ind2=" " tag="260"><subfield code="a">Mamaroneck, N.Y. :</subfield><subfield code="b">Mamaroneck-Larchmont Pub. Co.</subfield></datafield><datafield ind1=" " ind2=" " tag="300"><subfield code="a">volumes :</subfield><subfield code="b">illustrations ;</subfield><subfield code="c">59 cm</subfield></datafield><datafield ind1=" " ind2=" " tag="310"><subfield code="a">Daily,</subfield><subfield code="b">Sept. 5, 1976-Sept. 29,1998</subfield></datafield><datafield ind1=" " ind2=" " tag="321"><subfield code="a">Daily (except Sun. and holidays),</subfield><subfield code="b">Oct. 1, 1925-Sept. 4, 1976</subfield></datafield><datafield ind1=" " ind2=" " tag="336"><subfield code="a">text</subfield><subfield code="b">txt</subfield><subfield code="2">rdacontent</subfield></datafield><datafield ind1=" " ind2=" " tag="337"><subfield code="a">unmediated</subfield><subfield code="b">n</subfield><subfield code="2">rdamedia</subfield></datafield><datafield ind1=" " ind2=" " tag="338"><subfield code="a">volume</subfield><subfield code="b">nc</subfield><subfield code="2">rdacarrier</subfield></datafield><datafield ind1="0" ind2=" " tag="362"><subfield code="a">Vol. 1, no. 1 (Oct. 1, 1925)- Vol. 73, no. 10 (Sept. 29, 1998).</subfield></datafield><datafield ind1=" " ind2=" " tag="500"><subfield code="a">Published: White Plains, N.Y. : Gannett Westchester Papers &lt;Feb. 1, 1989-&gt;.</subfield></datafield><datafield ind1=" " ind2=" " tag="500"><subfield code="a">Published: White Plains, N.Y. : Gannett Suburban Newspapers, &lt;Oct. 1, 1991-&gt;.</subfield></datafield><datafield ind1=" " ind2=" " tag="530"><subfield code="a">Available on microfilm from UMI.</subfield></datafield><datafield ind1=" " ind2=" " tag="580"><subfield code="a">Merged with: Herald statesman, and: Reporter dispatch, and: Citizen register, and: Standard-star, and: Tarrytown daily news (White Plains, N.Y.), and: Mount Vernon Argus (White Plains, N.Y.), and: Daily item (Port Chester, N.Y.), and Star (White Plains, N.Y.), and Putnam reporter dispatch, and: Rockland journal-news, to form: Journal news (White Plains, N.Y.).</subfield></datafield><datafield ind1=" " ind2="0" tag="651"><subfield code="a">Mamaroneck (N.Y.)</subfield><subfield code="v">Newspapers.</subfield></datafield><datafield ind1=" " ind2="0" tag="651"><subfield code="a">Larchmont (N.Y.)</subfield><subfield code="v">Newspapers.</subfield></datafield><datafield ind1=" " ind2="0" tag="651"><subfield code="a">Westchester County (N.Y.)</subfield><subfield code="v">Newspapers.</subfield></datafield><datafield ind1=" " ind2="7" tag="651"><subfield code="a">New York (State)</subfield><subfield code="z">Larchmont.</subfield><subfield code="2">fast</subfield><subfield code="0">(OCoLC)fst01220664</subfield></datafield><datafield ind1=" " ind2="7" tag="651"><subfield code="a">New York (State)</subfield><subfield code="z">Mamaroneck.</subfield><subfield code="2">fast</subfield><subfield code="0">(OCoLC)fst01220355</subfield></datafield><datafield ind1=" " ind2="7" tag="651"><subfield code="a">New York (State)</subfield><subfield code="z">Westchester County.</subfield><subfield code="2">fast</subfield><subfield code="0">(OCoLC)fst01202684</subfield></datafield><datafield ind1=" " ind2="7" tag="655"><subfield code="a">Newspapers.</subfield><subfield code="2">fast</subfield><subfield code="0">(OCoLC)fst01423814</subfield></datafield><datafield ind1=" " ind2=" " tag="752"><subfield code="a">United States</subfield><subfield code="b">New York</subfield><subfield code="c">Westchester</subfield><subfield code="d">Mamaroneck.</subfield></datafield><datafield ind1=" " ind2=" " tag="752"><subfield code="a">United States</subfield><subfield code="b">New York</subfield><subfield code="c">Westchester</subfield><subfield code="d">White Plains.</subfield></datafield><datafield ind1="0" ind2="4" tag="780"><subfield code="t">Mamaroneck paragraph</subfield><subfield code="w">(OCoLC)47860891</subfield></datafield><datafield ind1="1" ind2="7" tag="785"><subfield code="t">Herald statesman</subfield><subfield code="x">1060-460X</subfield><subfield code="w">(DLC)sn 83031716</subfield><subfield code="w">(OCoLC)10088884</subfield></datafield><datafield ind1="1" ind2="7" tag="785"><subfield code="t">Reporter dispatch</subfield><subfield code="w">(DLC)sn 91066514</subfield><subfield code="w">(OCoLC)9579610</subfield></datafield><datafield ind1="1" ind2="7" tag="785"><subfield code="t">Citizen register</subfield><subfield code="x">1060-4588</subfield><subfield code="w">(DLC)sn 91066514</subfield><subfield code="w">(OCoLC)9579610</subfield></datafield><datafield ind1="1" ind2="7" tag="785"><subfield code="t">Standard-star</subfield><subfield code="x">1060-4618</subfield><subfield code="w">(DLC)sn 83031338</subfield><subfield code="w">(OCoLC)9837814</subfield></datafield><datafield ind1="1" ind2="7" tag="785"><subfield code="t">Tarrytown daily news (White Plains, N.Y.)</subfield><subfield code="w">(OCoLC)35004954</subfield></datafield><datafield ind1="1" ind2="7" tag="785"><subfield code="t">Mount Vernon argus (White Plains, N.Y.)</subfield><subfield code="w">(OCoLC)41557311</subfield></datafield><datafield ind1="1" ind2="7" tag="785"><subfield code="t">Daily item (Port Chester, N.Y.)</subfield><subfield code="x">1060-4553</subfield><subfield code="w">(DLC)sn 84031521</subfield><subfield code="w">(OCoLC)11071958</subfield></datafield><datafield ind1="1" ind2="7" tag="785"><subfield code="t">Star (White Plains, N.Y.)</subfield><subfield code="x">1040-0826</subfield><subfield code="w">(DLC)sn 88002037</subfield><subfield code="w">(OCoLC)18315664</subfield></datafield><datafield ind1="1" ind2="7" tag="785"><subfield code="t">Putnam reporter dispatch</subfield><subfield code="w">(DLC)sn 92061856</subfield><subfield code="w">(OCoLC)26267596</subfield></datafield><datafield ind1="1" ind2="7" tag="785"><subfield code="t">Rockland journal-news</subfield><subfield code="w">(DLC)sn 91066008</subfield><subfield code="w">(OCoLC)23137874</subfield></datafield><datafield ind1="1" ind2="7" tag="785"><subfield code="t">Journal news (White Plains, N.Y.)</subfield><subfield code="w">(DLC)sn 99067208</subfield><subfield code="w">(OCoLC)40979145</subfield></datafield><datafield ind1="0" ind2="4" tag="785"><subfield code="t">Times (Mamaroneck, N.Y.)</subfield><subfield code="w">(DLC)sn2002061486</subfield><subfield code="w">(OCoLC)49659987</subfield></datafield></record>